% Bibliography file

% Research Module in Econometrics & Statistics
% Prof. Dr. Liebl & Dr. Christopher Walsh
% Winter 2021/22, M.Sc. Economics, Bonn University
% Xingyu Tao, Xuan Li, Sven Jacobs


% Papers

@article{Calonico_2018,
  author = {Calonico, S. and Cattaneo, D. and Farrell, M.},
  year = {2018},
  title = {On the effect of bias estimation on coverage accuracy in nonparametric inference},
  journaltitle = {Journal of the American Statistical Association},
  volume = {113},
  number = {522},
  pages = {767--779}
}

@article{Calonico_2022,
  author = {Calonico, S. and Cattaneo, D. and Farrell, M.},
  year = {2022},
  title = {Coverage error optimal confidence intervals for local polynomial regression},
  journaltitle = {Bernoulli},
  addendum = {Forthcoming}
}

@article{Cheng_1997,
  author = {Cheng, M.-Y. and Fan, J. and Marron, J.},
  year = {1997},
  title = {On automatic boundary corrections},
  journaltitle = {The Annals of Statistics},
  volume = {25},
  number = {4},
  pages = {1691--1708}
}

@article{Cheng_2019,
  author = {Cheng, G. and Chen, Y.-C.},
  year = {2019},
  title = {Nonparametric inference via bootstrapping the debiased estimator},
  journaltitle = {Electronic Journal of Statistics},
  volume = {13},
  number = {1},
  pages = {2194--2256}
}

@article{Cleveland_1979,
  author = {Cleveland, W.},
  year = {1979},
  title = {Robust locally weighted regression and smoothing scatterplots},
  journaltitle = {Journal of the American Statistical Association},
  volume = {74},
  number = {368},
  pages = {829--836}
}

@article{Epanechnikov_1969,
  author = {Epanechnikov, V.},
  year = {1969},
  title = {Non-parametric estimation of a multivariate probability density},
  journaltitle = {Theory of Probability \& Its Applications},
  volume = {14},
  number = {1},
  pages = {153--158}
}

@article{Fan_1992,
  author = {Fan, J.},
  year = {1992},
  title = {Design-adaptive nonparametric regression},
  journaltitle = {Journal of the American Statistical Association},
  volume = {87},
  number = {420},
  pages = {998--1004}
}

@article{Fan_Gijbels_1992,
  author = {Fan, J. and Gijbels, I.},
  year = {1992},
  title = {Variable bandwidth and local linear regression smoothers},
  journaltitle = {The Annals of Statistics},
  volume = {20},
  number = {4},
  pages = {2008--2036}
}

@article{Gasser_1985,
  author = {Gasser, T. and Müller, H.-G. and Mammitzsch, V.},
  year = {1985},
  title = {Kernels for nonparametric curve estimation},
  journaltitle = {Journal of the Royal Statistical Society. Series B (Methodological)},
  volume = {47},
  number = {2},
  pages = {238--252}
}

@article{Granovsky_1991,
  author = {Granovsky, B. and Müller, H.-G.},
  year = {1991},
  title = {Optimizing kernel methods: A unifying variational principle},
  journaltitle = {International Statistical Review},
  volume = {59},
  number = {3},
  pages = {373--388}
}

@article{Hahn_2001,
  author = {Hahn, J. and Todd, P. and Van der Klaauw, W.},
  year = {2001},
  title = {Identification and estimation of treatment effects with a regression-discontinuity design},
  journaltitle = {Econometrica},
  volume = {69},
  number = {1},
  pages = {201--209}
}

@article{Hall_1991,
  author = {Hall, P. and Wehrly, T.},
  year = {1991},
  title = {A geometrical method for removing edge effects from kernel-type nonparametric regression estimators},
  journaltitle = {Journal of the American Statistical Association},
  volume = {86},
  number = {415},
  pages = {665--672}
}

@article{Hart_1992,
  author = {Hart, J. and Wehrly, T.},
  year = {1992},
  title = {Kernel regression when the boundary region is large, with an application to testing the adequacy of polynomial models},
  journaltitle = {Journal of the American Statistical Association},
  volume = {87},
  number = {420},
  pages = {1018--1024}
}

@article{Hastie_1993,
  author = {Hastie, T. and Loader, C.},
  year = {1993},
  title = {Local regression: Automatic kernel carpentry},
  journaltitle = {Statistical Science},
  volume = {8},
  number = {2},
  pages = {120--129}
}

@article{Imbens_2012,
  author = {Imbens, G. and Kalyanaraman, K.},
  year = {2012},
  title = {Optimal bandwidth choice for the regression discontinuity estimator},
  journaltitle = {The Review of Economic Studies},
  volume = {79},
  number = {3},
  pages = {933--959}
}

@article{Kyung-Joon_1998,
  author = {Kyung-Joon, C. and Schucany, W.},
  year = {1998},
  title = {Nonparametric kernel regression estimation near endpoints},
  journaltitle = {Journal of Statistical Planning and Inference},
  volume = {66},
  number = {2},
  pages = {289--304}
}

@article{Lee_2008,
  author = {Lee, D.},
  year = {2008},
  title = {Randomized experiments from non-random selection in U.S. House elections},
  journaltitle = {Journal of Econometrics},
  volume = {142},
  number = {2},
  pages = {675--697}
}

@article{Lee_2010,
  author = {Lee, D. and Lemieux, T.},
  year = {2010},
  title = {Regression discontinuity designs in economics},
  journaltitle = {Journal of Economic Literature},
  volume = {48},
  number = {2},
  pages = {281--355}
}

@article{Müller_1991,
  author = {Müller, H.-G.},
  year = {1991},
  title = {Smooth optimum kernel estimators near endpoints},
  journaltitle = {Biometrika},
  volume = {78},
  number = {3},
  pages = {521--530}
}

@article{Müller_1993,
  author = {Müller, H.-G.},
  year = {1993},
  title = {On the boundary kernel method for non-parametric curve estimation near endpoints},
  journaltitle = {Scandinavian Journal of Statistics},
  volume = {20},
  number = {4},
  pages = {313--328}
}

@article{Müller_1994,
  author = {Müller, H.-G. and Wang, J.-L.},
  year = {1994},
  title = {Hazard rate estimation under random censoring with varying kernels and bandwidths},
  journaltitle = {Biometrics},
  volume = {50},
  number = {1},
  pages = {61--76}
}

@article{Nadaraya_1964,
  author = {Nadaraya, E.},
  year = {1964},
  title = {On estimating regression},
  journaltitle = {Theory of Probability \& Its Applications},
  volume = {9},
  number = {1},
  pages = {141--142}
}

@article{Parzen_1962,
  author = {Parzen, E.},
  year = {1962},
  title = {On estimation of a probability density function and mode},
  journaltitle = {The Annals of Mathematical Statistics},
  volume = {33},
  number = {3},
  pages = {1065--1076}
}

@article{Porter_2003,
  author = {Porter, J.},
  year = {2003},
  title = {Estimation in the regression discontinuity model},
  url = {www.ssc.wisc.edu/~jrporter/reg_discont_2003.pdf},
  addendum = {Unpublished}
}

@article{Rice_1984,
  author = {Rice, J.},
  year = {1984},
  title = {Boundary modification for kernel regression},
  journaltitle = {Communications in Statistics - Theory and Methods},
  volume = {13},
  number = {7},
  pages = {893--900}
}

@article{Ruppert_1994,
  author = {Ruppert, D. and Wand, M.},
  year = {1994},
  title = {Multivariate locally weighted least squares regression},
  journaltitle = {The Annals of Statistics},
  volume = {22},
  number = {3},
  pages = {1346--1370}
}

@article{Stone_1977,
  author = {Stone, C.},
  year = {1977},
  title = {Consistent nonparametric regression},
  journaltitle = {The Annals of Statistics},
  volume = {5},
  number = {4},
  pages = {595--620}
}

@article{Thistlethwaite_1960,
  author = {Thistlethwaite, D. and Campbell, D.},
  year = {1960},
  title = {Regression-discontinuity analysis: An alternative to the ex post facto experiment},
  journaltitle = {Journal of Educational Psychology},
  volume = {51},
  number = {6},
  pages = {309--317}
}

@article{Watson_1964,
  author = {Watson, G.},
  year = {1964},
  title = {Smooth regression analysis},
  journaltitle = {Sankhyā: The Indian Journal of Statistics, Series A (1961–2002)},
  volume = {26},
  number = {4},
  pages = {359--372}
}

% Books

@book{Fan_1996,
  author = {Fan, J. and Gijbels, I.},
  year = {1996},
  title = {Local Polynomial Modelling and its Applications},
  series = {Monographs on Statistics and Applied Probability},
  number = {66},
  publisher = {Chapman \& Hall/CRC},
  location = {Boca Raton}
}

@book{Hansen_2022,
  author = {Hansen, B.},
  year = {2022},
  title = {Econometrics},
  publisher = {Princeton University Press},
  location = {New Jersey},
  url = {www.ssc.wisc.edu/~bhansen/econometrics/Econometrics.pdf},
  addendum = {Revised: 8/18/2021}
}

@book{Härdle_1990,
  author = {Härdle, W.},
  year = {1990},
  title = {Applied Nonparametric Regression},
  series = {Econometric Society Monographs},
  number = {19},
  publisher = {Cambridge University Press},
  location = {Cambridge}
}

@book{Hastie_2009,
  author = {Hastie, T. and Tibshirani, R. and Friedman, J.},
  year = {2009},
  title = {The Elements of Statistical Learning},
  subtitle = {Data Mining, Inference, and Prediction},
  edition = {2},
  publisher = {Springer},
  location = {New York}
}

@book{Li_2007,
  author = {Li, Q. and Racine, J.},
  year = {2007},
  title = {Nonparametric Econometrics},
  subtitle = {Theory and Practice},
  publisher = {Princeton University Press},
  location = {New Jersey}
}

@book{Müller_1988,
  author = {Müller, H.-G.},
  year = {1988},
  title = {Nonparametric Regression Analysis of Longitudinal Data},
  series = {Lecture Notes in Statistics},
  number = {46},
  publisher = {Springer},
  location = {New York}
}

@book{Pagan_1999,
  author = {Pagan, A. and Ullah, A.},
  year = {1999},
  title = {Nonparametric Econometrics},
  series = {Themes in Modern Econometrics},
  publisher = {Cambridge University Press},
  location = {Cambridge}
}

@book{Wand_1995,
  author = {Wand, M. and Jones, M.},
  year = {1995},
  title = {Kernel Smoothing},
  series = {Monographs on Statistics and Applied Probability},
  number = {60},
  publisher = {Chapman \& Hall/CRC},
  location = {Boca Raton}
}

% Book chapters

@incollection{Gasser_1979,
  author = {Gasser, T. and Müller, H.-G.},
  year = {1979},
  title = {Kernel estimation of regression functions},
  booktitle = {Smoothing Techniques for Curve Estimation},
  editor = {Gasser, T. and Rosenblatt, M.},
  pages = {23--68},
  publisher = {Springer},
  location = {Berlin}
}

% Software

@misc{R_2021,
  author = {R Core Team, {}},
  year = {2021},
  title = {R: A language and environment for statistical computing},
  location = {Vienna},
  organization = {R Foundation for Statistical Computing}
}
